@inproceedings{lstm_real_estate,
	title={Real Estate Image Classification},
	author={Bappy, Jawadul H and Barr, Joseph R and Srinivasan, Narayanan and Roy-Chowdhury, Amit K},
	booktitle={2017 IEEE Winter Conference on Applications of Computer Vision (WACV)},
	pages={373--381},
	year={2017},
	organization={IEEE}
}

@article{image_based_appraisal,
	title={Image-based appraisal of real estate properties},
	author={You, Quanzeng and Pang, Ran and Cao, Liangliang and Luo, Jiebo},
	journal={IEEE Transactions on Multimedia},
	volume={19},
	number={12},
	pages={2751--2759},
	year={2017},
	publisher={IEEE}
}

@inproceedings{scene_recognition_cnn,
	title={Scene recognition with CNNs: objects, scales and dataset bias},
	author={Herranz, Luis and Jiang, Shuqiang and Li, Xiangyang},
	booktitle={Proceedings of the IEEE Conference on Computer Vision and Pattern Recognition},
	pages={571--579},
	year={2016}
}
@inproceedings{learning_deep_features,
	title={Learning deep features for scene recognition using places database},
	author={Zhou, Bolei and Lapedriza, Agata and Xiao, Jianxiong and Torralba, Antonio and Oliva, Aude},
	booktitle={Advances in neural information processing systems},
	pages={487--495},
	year={2014}
}

@article{object_detectors_emerge_in_deep_scene_cnns,
	title={Object detectors emerge in deep scene cnns},
	author={Zhou, Bolei and Khosla, Aditya and Lapedriza, Agata and Oliva, Aude and Torralba, Antonio},
	journal={arXiv preprint arXiv:1412.6856},
	year={2014}
}

@article{scene_classification_using_gbrcn,
	title={Scene classification via a gradient boosting random convolutional network framework},
	author={Zhang, Fan and Du, Bo and Zhang, Liangpei},
	journal={IEEE Transactions on Geoscience and Remote Sensing},
	volume={54},
	number={3},
	pages={1793--1802},
	year={2015},
	publisher={IEEE}
}

@article{vision_based_real_estate_price_estimation,
	title={Vision-based real estate price estimation},
	author={Poursaeed, Omid and Matera, Tom{\'a}{\v{s}} and Belongie, Serge},
	journal={Machine Vision and Applications},
	volume={29},
	number={4},
	pages={667--676},
	year={2018},
	publisher={Springer}
}

@article{comparation_techniques,
	title={Analysis of Machine Learning Based Scene Classification Algorithms and Quantitative Evaluation},
	author={Patel, Himanshu and Mewada, Hiren},
	journal={International Journal of Applied Engineering Research},
	volume={13},
	number={10},
	pages={7811--7819},
	year={2018}
}

@article{scikit-learn,
	title={Scikit-learn: Machine Learning in {P}ython},
	author={Pedregosa, F. and Varoquaux, G. and Gramfort, A. and Michel, V.
	and Thirion, B. and Grisel, O. and Blondel, M. and Prettenhofer, P.
	and Weiss, R. and Dubourg, V. and Vanderplas, J. and Passos, A. and
	Cournapeau, D. and Brucher, M. and Perrot, M. and Duchesnay, E.},
	journal={Journal of Machine Learning Research},
	volume={12},
	pages={2825--2830},
	year={2011}
}


@article{ImageNet,
	Author = {Olga Russakovsky and Jia Deng and Hao Su and Jonathan Krause and Sanjeev Satheesh and Sean Ma and Zhiheng Huang and Andrej Karpathy and Aditya Khosla and Michael Bernstein and Alexander C. Berg and Li Fei-Fei},
	Title = {{ImageNet Large Scale Visual Recognition Challenge}},
	Year = {2015},
	journal   = {International Journal of Computer Vision (IJCV)},
	doi = {10.1007/s11263-015-0816-y},
	volume={115},
	number={3},
	pages={211-252}
}

@inproceedings{
	BMVC2015_52,
	title={Describing Common Human Visual Actions in Images},
	author={Matteo Ruggero Ronchi and Pietro Perona},
	year={2015},
	month={September},
	pages={52.1-52.12},
	articleno={52},
	numpages={12},
	booktitle={Proceedings of the British Machine Vision Conference (BMVC)},
	publisher={BMVA Press},
	editor={Xianghua Xie, Mark W. Jones, and Gary K. L. Tam},
	doi={10.5244/C.29.52},
	isbn={1-901725-53-7},
	url={https://dx.doi.org/10.5244/C.29.52}
}

@article{lecun1995convolutional,
	title={Convolutional networks for images, speech, and time series},
	author={LeCun, Yann and Bengio, Yoshua and others},	
	year={1995},
}

@article{BatchNorm,
	title={Batch Normalization: Accelerating Deep Network Training by Reducing Internal Covariate Shift},
	author={Sergey Ioffe and Christian Szegedy},
	journal={ArXiv},
	year={2015},
	volume={abs/1502.03167}
}

@article{kingma2014adam,
	title={Adam: A method for stochastic optimization},
	author={Kingma, Diederik P and Ba, Jimmy},
	journal={arXiv preprint arXiv:1412.6980},
	year={2014}
}
@inproceedings{glorot2010understanding,
	title={Understanding the difficulty of training deep feedforward neural networks},
	author={Glorot, Xavier and Bengio, Yoshua},
	booktitle={Proceedings of the thirteenth international conference on artificial intelligence and statistics},
	pages={249--256},
	year={2010}
}

@article{nwankpa2018activation,
	title={Activation functions: Comparison of trends in practice and research for deep learning},
	author={Nwankpa, Chigozie and Ijomah, Winifred and Gachagan, Anthony and Marshall, Stephen},
	journal={arXiv preprint arXiv:1811.03378},
	year={2018}
}

@inproceedings{he2016deep,
	title={Deep residual learning for image recognition},
	author={He, Kaiming and Zhang, Xiangyu and Ren, Shaoqing and Sun, Jian},
	booktitle={Proceedings of the IEEE conference on computer vision and pattern recognition},
	pages={770--778},
	year={2016}
}
@inproceedings{huang2017densely,
	title={Densely connected convolutional networks},
	author={Huang, Gao and Liu, Zhuang and Van Der Maaten, Laurens and Weinberger, Kilian Q},
	booktitle={Proceedings of the IEEE conference on computer vision and pattern recognition},
	pages={4700--4708},
	year={2017}
}

@article{simonyan2014very,
	title={Very deep convolutional networks for large-scale image recognition},
	author={Simonyan, Karen and Zisserman, Andrew},
	journal={arXiv preprint arXiv:1409.1556},
	year={2014}
}

@inproceedings{szegedy2015going,
	title={Going deeper with convolutions},
	author={Szegedy, Christian and Liu, Wei and Jia, Yangqing and Sermanet, Pierre and Reed, Scott and Anguelov, Dragomir and Erhan, Dumitru and Vanhoucke, Vincent and Rabinovich, Andrew},
	booktitle={Proceedings of the IEEE conference on computer vision and pattern recognition},
	pages={1--9},
	year={2015}
}

@article{devlin2018bert,
	title={Bert: Pre-training of deep bidirectional transformers for language understanding},
	author={Devlin, Jacob and Chang, Ming-Wei and Lee, Kenton and Toutanova, Kristina},
	journal={arXiv preprint arXiv:1810.04805},
	year={2018}
}

@article{radford2019language,
	title={Language models are unsupervised multitask learners},
	author={Radford, Alec and Wu, Jeffrey and Child, Rewon and Luan, David and Amodei, Dario and Sutskever, Ilya},
	journal={OpenAI Blog},
	volume={1},
	number={8},
	year={2019}
}

@Manual{restb_ai,
	author = {Esteban, Angel},
	title = {Restb AI},
	note = {\url{https://restb.ai/}, último acceso: 2019-12-08}
}

@Manual{hemnet,
	author = { Hemnet },
	title = { Hemnet },
	note = {\url{https://www.hemnet.se/}, último acceso: 2019-12-08}
}

@article{zhu2009introduction,
	title={Introduction to semi-supervised learning},
	author={Zhu, Xiaojin and Goldberg, Andrew B},
	journal={Synthesis lectures on artificial intelligence and machine learning},
	volume={3},
	number={1},
	pages={1--130},
	year={2009},
	publisher={Morgan \& Claypool Publishers}
}

@article{mcculloch1943logical,
	title={A logical calculus of the ideas immanent in nervous activity},
	author={McCulloch, Warren S and Pitts, Walter},
	journal={The bulletin of mathematical biophysics},
	volume={5},
	number={4},
	pages={115--133},
	year={1943},
	publisher={Springer}
}

@book{russell2016artificial,
	title={Artificial intelligence: a modern approach},
	author={Russell, Stuart J and Norvig, Peter},
	year={2016},
	publisher={Malaysia; Pearson Education Limited,}
}

@article{zhao2016loss,
	title={Loss functions for image restoration with neural networks},
	author={Zhao, Hang and Gallo, Orazio and Frosio, Iuri and Kautz, Jan},
	journal={IEEE Transactions on Computational Imaging},
	volume={3},
	number={1},
	pages={47--57},
	year={2016},
	publisher={IEEE}
}

@article{choi2019empirical,
	title={On Empirical Comparisons of Optimizers for Deep Learning},
	author={Choi, Dami and Shallue, Christopher J and Nado, Zachary and Lee, Jaehoon and Maddison, Chris J and Dahl, George E},
	journal={arXiv preprint arXiv:1910.05446},
	year={2019}
}

@inproceedings{baldi2013understanding,
	title={Understanding dropout},
	author={Baldi, Pierre and Sadowski, Peter J},
	booktitle={Advances in neural information processing systems},
	pages={2814--2822},
	year={2013}
}

@misc{hernandez2010metodologia,
	title={Metodolog{\'\i}a de la investigaci{\'o}n},
	author={Hern{\'a}ndez Sampieri, Roberto and Fern{\'a}ndez Collado, Carlos and others}
}

@misc{raahlen2019image,
	title={Image Classification of Real Estate Images with Transfer Learning},
	author={R{\aa}hl{\'e}n, Oskar and Sj{\"o}qvist, Sacharias},
	year={2019}
}